@inproceedings{FuseOrNotToFuse,
	author		= "Vangoor, Bharath Kumar Reddy and Tarasov, Vasily and Zadok, Erez",
	booktitle	= "15th USENIX Conference on File and Storage Technologies (FAST 17)", 
	title		= "To FUSE or Not to FUSE: Performance of User-Space File Systems", 
	year		= "2017",
	pages		= "59-72",
	url 		= "https://www.usenix.org/conference/fast17/technical-sessions/presentation/vangoor"
}

@inproceedings{HardeningFUSE,
	author		= "Burihabwa, Dorian and Felber, Pascal and Mercier, Hugues and Schiavoni, Valerio",
	booktitle	= "2018 IEEE International Conference on Cloud Computing Technology and Science (CloudCom)", 
	title		= "SGX-FS: Hardening a File System in User-Space with Intel SGX", 
	year		= "2018",
	pages		= "67-72",
	url 		= "https://ieeexplore.ieee.org/document/8590996"
}

@article{CloudStorageComparison,
	author 	= "Bocchi, Enrico and Drago, Idilio and Mellia, Marco",
	journal = "IEEE Transactions on Cloud Computing",
	title 	= "Personal Cloud Storage Benchmarks and Comparison",
	year 	= "2017",
	volume 	= "5",
	number 	= "4",
	pages 	= "751-764",
	doi 	= "10.1109/TCC.2015.2427191",
	url 	= "https://ieeexplore.ieee.org/abstract/document/7096995"
}

@inproceedings{HTTP3,
	author 	= "Carlucci, Gaetano and De Cicco, Luca and Mascolo, Saverio",
	booktitle = "Proceedings of the 30th Annual ACM Symposium on Applied Computing",
	title = "HTTP over UDP: An Experimental Investigation of QUIC",
	year = "2015",
	isbn = "9781450331968",
	publisher = "Association for Computing Machinery",	
	url = "https://doi.org/10.1145/2695664.2695706",
	doi = "10.1145/2695664.2695706",	
	pages = "609â€“614"
}

@webpage{xdg,
	key 			= "xdg",
	title 			= "xdg-utils",
	howpublished	= "online",
	year 			= "2019",
	url 			= "https://freedesktop.org/wiki/Software/xdg-utils/",
	publisher		= "freedesktop.org",
	cited 			= "2021-04-20"
}

@MISC{RFC7231,
  author 		= "Fielding, Roy and Reschke, Julian",
  title 		= "Hypertext Transfer Protocol (HTTP/1.1): Semantics and Content",
  howpublished 	= "Requests for Comments",  
  year 			= "2014",
  month			= "6",  
  doi 			= "10.17487/RFC7231",
  publisher 	= "RFC Editor",  
  url 			= "https://www.rfc-editor.org/info/rfc7231",
  cited 		= "2021-04-25"
}

@webpage{keyring,
	key 			= "keyring",
	title 			= "What is: Linux keyring, gnome-keyring, Secret Service, and D-Bus",
	howpublished	= "online",
	year 			= "2019",
	month			= "7",
	day				= "12",
	url 			= "https://rtfm.co.ua/en/what-is-linux-keyring-gnome-keyring-secret-service-and-d-bus/",
	publisher		= "RTFM: Linux, DevOps, and system administration",
	cited 			= "2021-05-02"
}

@webpage{Dropbox,
	key 			= "Dropbox",
	title 			= "Dropbox",
	howpublished	= "online",
	year 			= "2021",	
	url 			= "https://www.dropbox.com/?landing=dbv2",
	publisher		= "	Dropbox",
	cited 			= "2021-04-21"
}

@webpage{GoogleWorkspace,
	key 			= "GoogleWorkspace",
	title 			= "Google Workspace",
	howpublished	= "online",
	year 			= "2021",	
	url 			= "https://workspace.google.com/",
	publisher		= "Google",
	cited 			= "2021-04-21"
}

@webpage{GoogleFileStream,
	key 			= "DeployGoogleDriveForDesktop",
	title 			= "Deploy Google Drive for desktop",
	howpublished	= "online",
	year 			= "2021",	
	url 			= "https://support.google.com/a/answer/7491144?hl=en",
	publisher		= "Google",
	cited 			= "2021-04-21"
}

@webpage{GoogleAPIReference,
	key 			= "GoogleDriveForDevelopersAPIReference",
	title 			= "Google Drive for developers - API Reference",
	howpublished	= "online",
	year 			= "2021",	
	url 			= "https://developers.google.com/drive/api/v3/reference",
	publisher		= "Google",
	cited 			= "2021-04-21"
}

@webpage{pCloud,
	key 			= "pCloud",
	title 			= "pCloud",
	howpublished	= "online",
	year 			= "2021",	
	url 			= "https://www.pcloud.com/eu",
	publisher		= "pCloud",
	cited 			= "2021-04-21"
}

@webpage{Syncthing,
	key 			= "Syncthing",
	title 			= "Syncthing",
	howpublished	= "online",
	year 			= "2021",	
	url 			= "https://syncthing.net/",
	publisher		= "Syncthing",
	cited 			= "2021-04-21"
}

@webpage{MockServer,	
	author			= "Bloom, James",
	title 			= "MockServer",
	howpublished	= "online",
	year 			= "2020",	
	url 			= "https://www.mock-server.com/#what-is-mockserver",
	publisher		= "Mock Server",
	cited 			= "2021-04-28"
}
