@article{CloudStorageComparison,
	author 	= "Bocchi, Enrico and Drago, Idilio and Mellia, Marco",
	journal = "IEEE Transactions on Cloud Computing",
	title 	= "Personal Cloud Storage Benchmarks and Comparison",
	year 	= "2017",
	volume 	= "5",
	number 	= "4",
	pages 	= "751-764",
	doi 	= "10.1109/TCC.2015.2427191",
	url 	= "https://ieeexplore.ieee.org/abstract/document/7096995"
}

@webpage{Dropbox,
	key 			= "Dropbox",
	title 			= "Dropbox",
	howpublished	= "online",
	year 			= "2021",	
	url 			= "https://www.dropbox.com/?landing=dbv2",
	publisher		= "	Dropbox",
	cited 			= "2021-04-21"
}

@webpage{GoogleWorkspace,
	key 			= "GoogleWorkspace",
	title 			= "Google Workspace",
	howpublished	= "online",
	year 			= "2021",	
	url 			= "https://workspace.google.com/",
	publisher		= "Google",
	cited 			= "2021-04-21"
}

@webpage{GoogleFileStream,
	key 			= "DeployGoogleDriveForDesktop",
	title 			= "Deploy Google Drive for desktop",
	howpublished	= "online",
	year 			= "2021",	
	url 			= "https://support.google.com/a/answer/7491144?hl=en",
	publisher		= "Google",
	cited 			= "2021-04-21"
}

@webpage{GoogleAPIReference,
	key 			= "GoogleDriveForDevelopersAPIReference",
	title 			= "Google Drive for developers - API Reference",
	howpublished	= "online",
	year 			= "2021",	
	url 			= "https://developers.google.com/drive/api/v3/reference",
	publisher		= "Google",
	cited 			= "2021-04-21"
}

@webpage{pCloud,
	key 			= "pCloud",
	title 			= "pCloud",
	howpublished	= "online",
	year 			= "2021",	
	url 			= "https://www.pcloud.com/eu",
	publisher		= "pCloud",
	cited 			= "2021-04-21"
}

@webpage{Syncthing,
	key 			= "Syncthing",
	title 			= "Syncthing",
	howpublished	= "online",
	year 			= "2021",	
	url 			= "https://syncthing.net/",
	publisher		= "Syncthing",
	cited 			= "2021-04-21"
}

@article{GNULinux,
	author 	= "Yalta, A. Talha and Lucchetti, Riccardo",
	title 	= "The GNU/Linux platform and freedom respecting software for economists",
	journal = "Journal of Applied Econometrics",
	pages 	= "279-286",
	number 	= "2",
	doi 	= "https://doi.org/10.1002/jae.990",
	url 	= "https://onlinelibrary.wiley.com/doi/abs/10.1002/jae.990",
	year 	= "2008"
}

@webpage{GNULinux2,	
	author			= "Stallman, Richard",	
	title 			= "Linux a systém GNU",
	howpublished	= "online",
	year 			= "2020",
	month			= "07",
	url 			= "https://www.gnu.org/gnu/linux-and-gnu.cs.html",
	publisher		= "gnu.org",
	cited 			= "2021-05-03"
}

@webpage{FreeSoftware,	
	key 			= "CoJeToSvobodnySoftware",		
	title 			= "Co je to svobodný software?",
	howpublished	= "online",
	year 			= "2019",
	month			= "10",
	url 			= "https://www.gnu.org/philosophy/free-sw.html",
	publisher		= "gnu.org",
	cited 			= "2021-05-03"
}

@webpage{CReference,			
	key 			= "HistoryOfC",	
	title 			= "History of C",
	howpublished	= "online",
	year 			= "2021",
	month			= "03",
	url 			= "https://en.cppreference.com/w/c/language/history",
	publisher		= "cppreference.com",
	cited 			= "2021-05-04"
}

@webpage{CPPReference,
	key 			= "HistoryOfC++",
	title 			= "History of C++",
	howpublished	= "online",
	year 			= "2021",
	month			= "03",
	url 			= "https://en.cppreference.com/w/cpp/language/history",
	publisher		= "cppreference.com",
	cited 			= "2021-05-04"
}

@webpage{OpenAPI,		
	key				= "OpenAPISpecification",
	title 			= "OpenAPI Specification",
	howpublished	= "online",
	year 			= "2021",	
	url 			= "https://swagger.io/specification/",
	publisher		= "SmartBear Software",
	cited 			= "2021-05-05"
}

@MISC{RFC7231,
  	author 		= "Fielding, Roy and Reschke, Julian",
  	title 		= "Hypertext Transfer Protocol (HTTP/1.1): Semantics and Content",
  	howpublished= "Requests for Comments",  
  	year 		= "2014",
  	month		= "6",  
  	doi 		= "10.17487/RFC7231",
  	publisher 	= "RFC Editor",  
  	url 		= "https://www.rfc-editor.org/info/rfc7231",
  	cited 		= "2021-04-25"
}

@inproceedings{HTTP3,
	author 		= "Carlucci, Gaetano and De Cicco, Luca and Mascolo, Saverio",
	booktitle 	= "Proceedings of the 30th Annual ACM Symposium on Applied Computing",
	title 		= "HTTP over UDP: An Experimental Investigation of QUIC",
	year 		= "2015",
	isbn 		= "9781450331968",
	publisher 	= "Association for Computing Machinery",	
	url 		= "https://doi.org/10.1145/2695664.2695706",
	doi 		= "10.1145/2695664.2695706",	
	pages 		= "609–614"
}

@book{UnitPatternsTest,	
	author 		= "Meszaros, Gerard",
	title 		= "xUnit Test Patterns",
	publisher 	= "Addison-Wesley",
	year 		= "2007",
	isbn		= "978-0-13-149505-0",
}

@webpage{Userspace,
	author		= "Jones, M",	
	title 		= "Anatomy of the Linux kernel",
	howpublished= "online",
	year 		= "2007",	
	month		= "06",
	url			= "https://developer.ibm.com/technologies/linux/articles/l-linux-kernel/",
	publisher	= "IBM",
	cited 		= "2021-05-06"
}

@inproceedings{FuseOrNotToFuse,
	author		= "Vangoor, Bharath Kumar Reddy and Tarasov, Vasily and Zadok, Erez",
	booktitle	= "15th USENIX Conference on File and Storage Technologies (FAST 17)", 
	title		= "To FUSE or Not to FUSE: Performance of User-Space File Systems", 
	year		= "2017",
	pages		= "59-72",
	isbn		= "978-1-931971-36-2",
	url 		= "https://www.usenix.org/conference/fast17/technical-sessions/presentation/vangoor"
}

@inproceedings{HardeningFUSE,
	author		= "Burihabwa, Dorian and Felber, Pascal and Mercier, Hugues and Schiavoni, Valerio",
	booktitle	= "2018 IEEE International Conference on Cloud Computing Technology and Science (CloudCom)", 
	title		= "SGX-FS: Hardening a File System in User-Space with Intel SGX", 
	year		= "2018",
	pages		= "67-72",
	doi			= "10.1109/CloudCom2018.2018.00027",
	url 		= "https://ieeexplore.ieee.org/document/8590996"
}

@webpage{DBus,
	author			= "Cocagne, Tom",
	title 			= "DBus Overview",
	howpublished	= "online",
	year 			= "2012",
	month			= "07",
	url 			= "https://pythonhosted.org/txdbus/dbus_overview.html",
	publisher		= "pythonhosted.org",
	cited 			= "2021-05-05"
}

@webpage{Keyring,
	key 			= "WhatIsLinuxKeyringGnomeKeyringSecretServiceAndDBus",
	title 			= "What is: Linux keyring, gnome-keyring, Secret Service, and D-Bus",
	howpublished	= "online",
	year 			= "2019",
	month			= "7",
	day				= "12",
	url 			= "https://rtfm.co.ua/en/what-is-linux-keyring-gnome-keyring-secret-service-and-d-bus/",
	publisher		= "RTFM: Linux, DevOps, and system administration",
	cited 			= "2021-05-02"
}

@webpage{libcurl,
	key 			= "LibcurlTheMultiprotocolFileTransferLibrary",
	title 			= "libcurl - the multiprotocol file transfer library ",
	howpublished	= "online",
	url 			= "https://curl.se/libcurl/",
	publisher		= "curl.se",
	cited 			= "2021-05-07"
}

@webpage{libnotify,
	key 			= "DesktopNotifications",
	title 			= "Desktop notifications",
	howpublished	= "online",
	year			= "2021",
	month			= "05",
	url 			= "https://wiki.archlinux.org/title/Desktop_notifications#Notification_servers",
	publisher		= "archlinux.org",
	cited 			= "2021-05-07"
}

@webpage{libfuse,
	key 			= "libfuse API documentation",
	title 			= "LibfuseAPIDocumentation",
	howpublished	= "online",
	url 			= "http://libfuse.github.io/doxygen/index.html",
	publisher		= "github.io",
	cited 			= "2021-05-07"
}

@webpage{libsqlite,
	key 			= "AboutSQLite",
	title 			= "About SQLite",
	howpublished	= "online",
	url 			= "https://www.sqlite.org/about.html",
	publisher		= "sqlite.org",
	cited 			= "2021-05-07"
}

@webpage{libssl,
	key 			= "WelcomeToOpenSSL",
	title 			= "Welcome to OpenSSL!",
	howpublished	= "online",
	url 			= "https://www.openssl.org/",
	publisher		= "openssl.org",
	cited 			= "2021-05-07"
}

@webpage{libsecret,
	key 			= "LibsecretLibraryReferenceManual",
	title 			= "Libsecret Library Reference Manual",
	howpublished	= "online",
	url 			= "https://developer.gnome.org/libsecret/",
	publisher		= "gnome.org",
	cited 			= "2021-05-07"
}

@webpage{libgtest,
	key 			= "GoogletestPrimer",
	title 			= "Googletest Primer",
	howpublished	= "online",
	url 			= "https://google.github.io/googletest/primer.html",
	publisher		= "github.io",
	cited 			= "2021-05-07"
}

@webpage{xdg,
	key 			= "xdgutils",
	title 			= "xdg-utils",
	howpublished	= "online",
	year 			= "2019",
	month			= "06",
	url 			= "https://freedesktop.org/wiki/Software/xdg-utils/",
	publisher		= "freedesktop.org",
	cited 			= "2021-04-20"
}

@webpage{dpkg,
	key				= "DebianNewMaintainersGuide",	
	title 			= "Debian New Maintainers' Guide",
	howpublished	= "online",
	year 			= "2020",
	month			= "12",
	url 			= "https://www.debian.org/doc/manuals/maint-guide/",
	publisher		= "debian.org",
	cited 			= "2021-05-08"
}

@webpage{rpm,
	key				= "RPMPackagingGuide",
	title 			= "RPM Packaging Guide",
	howpublished	= "online",
	year 			= "2020",
	month			= "09",
	url 			= "https://rpm-packaging-guide.github.io/",
	publisher		= "github.io",
	cited 			= "2021-05-08"
}

@webpage{sqlite-c,
	key				= "AnIntroductionToTheSQLiteCC++Interface",
	title 			= "An Introduction To The SQLite C/C++ Interface",
	howpublished	= "online",
	url 			= "https://www.sqlite.org/cintro.html",
	publisher		= "sqlite.org",
	cited 			= "2021-05-07"
}

@webpage{behave,
	key				= "BehaviorDrivenDevelopment",
	title 			= "Behavior Driven Development",
	howpublished	= "online",
	url 			= "https://behave.readthedocs.io/en/stable/philosophy.html#bdd-practices",
	publisher		= "github.io",
	cited 			= "2021-05-09"
}

@webpage{systemd-user,
	key				= "systemdUser",
	title 			= "systemd/User",
	howpublished	= "online",
	year 			= "2021",
	month			= "05",
	url 			= "https://wiki.archlinux.org/title/Systemd/User",
	publisher		= "archlinux.io",
	cited 			= "2021-05-07"
}

@webpage{LinuxHierarchy,
	key				= "FilesystemHierarchyStandard",
	title 			= "Filesystem Hierarchy Standard",
	howpublished	= "online",
	year 			= "2015",
	month			= "03",
	url 			= "https://refspecs.linuxfoundation.org/FHS_3.0/fhs-3.0.html",
	publisher		= "linuxfoundation.org",
	cited 			= "2021-05-07"
}

@webpage{DesktopEntrySpecification,
	author			= "Brown, Preston and Blandford, Jonathan and others",
	title 			= "Desktop Entry Specification",
	howpublished	= "online",
	year 			= "2020",
	month			= "04",		
	url 			= "https://specifications.freedesktop.org/desktop-entry-spec/latest/",
	publisher		= "freedesktop.org",
	cited 			= "2021-05-08"
}
